<?xml version="1.0" encoding="UTF-8"?>
<record>
  <leader>01288naa#a2200349#c#4500</leader>
  <controlfield tag="005">20210408121012.0</controlfield>
  <controlfield tag="007">tu</controlfield>
  <controlfield tag="008">940622|1993####xx############|||#|#####c</controlfield>
  <controlfield tag="003">DE-605</controlfield>
  <controlfield tag="001">990110477500206441</controlfield>
  <datafield tag="016" ind1="7" ind2=" ">
    <subfield code="a">1067478690</subfield>
    <subfield code="2">OCoLC</subfield>
  </datafield>
  <datafield tag="035" ind1=" " ind2=" ">
    <subfield code="a">(DE-605)BT000000103</subfield>
  </datafield>
  <datafield tag="040" ind1=" " ind2=" ">
    <subfield code="c">DE-605</subfield>
    <subfield code="a">61/NWBib</subfield>
    <subfield code="b">ger</subfield>
    <subfield code="d">HBZ/NWBib</subfield>
    <subfield code="e">rakwb</subfield>
  </datafield>
  <datafield tag="084" ind1=" " ind2=" ">
    <subfield code="a">Kevelaer</subfield>
    <subfield code="0">https://nwbib.de/spatial#Q243526</subfield>
    <subfield code="2">nwbib</subfield>
  </datafield>
  <datafield tag="084" ind1=" " ind2=" ">
    <subfield code="a">Tierzucht</subfield>
    <subfield code="0">https://nwbib.de/subjects#N544280</subfield>
    <subfield code="2">nwbib</subfield>
  </datafield>
  <datafield tag="100" ind1="1" ind2=" ">
    <subfield code="a">Oeffelen, Dagmar &lt;&lt;van&gt;&gt;</subfield>
    <subfield code="4">aut</subfield>
  </datafield>
  <datafield tag="245" ind1="1" ind2="0">
    <subfield code="a">&lt;&lt;Ein&gt;&gt; Textilkaufmann spinnt</subfield>
    <subfield code="b">ein Winzling liefert 1200 Meter Seide</subfield>
    <subfield code="c">von Dagmar van Oeffelen (Text) u. Franz Lethen (Fotos)</subfield>
  </datafield>
  <datafield tag="264" ind1=" " ind2="1">
    <subfield code="c">1993</subfield>
  </datafield>
  <datafield tag="689" ind1="0" ind2="0">
    <subfield code="a">Kevelaer</subfield>
    <subfield code="D">g</subfield>
    <subfield code="0">(DE-588)4030420-6</subfield>
  </datafield>
  <datafield tag="689" ind1="0" ind2="1">
    <subfield code="a">Seidenraupenzucht</subfield>
    <subfield code="D">s</subfield>
    <subfield code="0">(DE-588)4116467-2</subfield>
  </datafield>
  <datafield tag="689" ind1="1" ind2="0">
    <subfield code="a">Koenen, Hans</subfield>
    <subfield code="d">1937-</subfield>
    <subfield code="D">p</subfield>
    <subfield code="0">(DE-588)189447656</subfield>
    <subfield code="B">GND-189447656</subfield>
  </datafield>
  <datafield tag="689" ind1="2" ind2="0">
    <subfield code="a">Seidenraupenzucht</subfield>
    <subfield code="D">s</subfield>
    <subfield code="0">(DE-588)4116467-2</subfield>
  </datafield>
  <datafield tag="689" ind1="2" ind2="1">
    <subfield code="a">Kevelaer</subfield>
    <subfield code="D">g</subfield>
    <subfield code="0">(DE-588)4030420-6</subfield>
  </datafield>
  <datafield tag="035" ind1=" " ind2=" ">
    <subfield code="a">(OCoLC)1067478690</subfield>
  </datafield>
  <datafield tag="960" ind1="1" ind2=" ">
    <subfield code="n">NWBib</subfield>
  </datafield>
  <datafield tag="964" ind1="0" ind2="s">
    <subfield code="F">030</subfield>
    <subfield code="A">a|1uc||||||17</subfield>
  </datafield>
  <datafield tag="964" ind1="0" ind2="s">
    <subfield code="F">050</subfield>
    <subfield code="A">a|||||||||||||</subfield>
  </datafield>
  <datafield tag="964" ind1="0" ind2="s">
    <subfield code="F">051</subfield>
    <subfield code="A">at||||||</subfield>
  </datafield>
  <datafield tag="700" ind1="1" ind2=" ">
    <subfield code="a">Lethen, Franz</subfield>
    <subfield code="4">ill</subfield>
  </datafield>
  <datafield tag="773" ind1="0" ind2="8">
    <subfield code="i">Enthalten in</subfield>
    <subfield code="d"> 1993</subfield>
    <subfield code="w">(DE-600)205463-2</subfield>
  </datafield>
  <datafield tag="500" ind1=" " ind2=" ">
    <subfield code="a">In: Neues Rheinland. - 36 (1993) 2, S. 38-40 : Ill.</subfield>
    <subfield code="9">F:525</subfield>
  </datafield>
  <datafield tag="520" ind1=" " ind2=" ">
    <subfield code="a">Betr. d. Seidenraupenzucht von Hans Koenen in Kevelaer</subfield>
  </datafield>
  <datafield tag="035" ind1=" " ind2=" ">
    <subfield code="a">(DE-599)HBZBT000000103</subfield>
  </datafield>
  <datafield tag="MBD" ind1=" " ind2=" ">
    <subfield code="M">49HBZ_NETWORK</subfield>
    <subfield code="i">990110477500206441</subfield>
    <subfield code="n">HBZ Network</subfield>
  </datafield>
  <datafield tag="MBD" ind1=" " ind2=" ">
    <subfield code="M">49HBZ_BRIDGE_SAS</subfield>
    <subfield code="i">9911751107830</subfield>
    <subfield code="n">Stadtarchiv Solingen, Bibliothek</subfield>
  </datafield>
  <datafield tag="MNG" ind1=" " ind2=" ">
    <subfield code="c">System</subfield>
    <subfield code="f">OTHER</subfield>
    <subfield code="i">marc21</subfield>
    <subfield code="l">46</subfield>
    <subfield code="k">01</subfield>
    <subfield code="e">false</subfield>
    <subfield code="d">2024-05-14 13:29:26 Europe/Berlin</subfield>
    <subfield code="g">011047750-HBZ01</subfield>
    <subfield code="j">60</subfield>
    <subfield code="a">import</subfield>
    <subfield code="b">2021-04-05 16:24:04 Europe/Berlin</subfield>
  </datafield>
  <datafield tag="H52" ind1="0" ind2=" ">
    <subfield code="b">Z9035</subfield>
    <subfield code="c">kA</subfield>
    <subfield code="h">GA 644</subfield>
    <subfield code="8">224554790007830</subfield>
  </datafield>
  <datafield tag="HOL" ind1=" " ind2=" ">
    <subfield code="d">2023-05-20 04:42:20</subfield>
    <subfield code="8">224554790007830</subfield>
    <subfield code="b">2023-05-20 04:42:20</subfield>
    <subfield code="M">49HBZ_BRIDGE_SAS</subfield>
    <subfield code="g">false</subfield>
    <subfield code="a">System</subfield>
    <subfield code="c">System</subfield>
  </datafield>
  <datafield tag="ITM" ind1=" " ind2=" ">
    <subfield code="H">224554790007830</subfield>
    <subfield code="x">kA</subfield>
    <subfield code="f">BOOK</subfield>
    <subfield code="v">kA</subfield>
    <subfield code="p">04</subfield>
    <subfield code="X">System</subfield>
    <subfield code="Y">2008-11-10 01:00:00 Europe/Berlin</subfield>
    <subfield code="n">GA 644</subfield>
    <subfield code="M">49HBZ_BRIDGE_SAS</subfield>
    <subfield code="s">1</subfield>
    <subfield code="d">0</subfield>
    <subfield code="V">System</subfield>
    <subfield code="b">keinBarcode</subfield>
    <subfield code="a">234554700007830</subfield>
    <subfield code="c">GA 644</subfield>
    <subfield code="W">2023-05-20 06:42:20 Europe/Berlin</subfield>
    <subfield code="u">Z9035</subfield>
    <subfield code="w">Z9035</subfield>
  </datafield>
  <datafield tag="GST" ind1=" " ind2=" ">
    <subfield code="a">Seidenraupe</subfield>
    <subfield code="x">Tierzucht</subfield>
    <subfield code="A">GND</subfield>
    <subfield code="B">GND-041164679</subfield>
    <subfield code="C">450</subfield>
  </datafield>
  <datafield tag="GSI" ind1="7" ind2=" ">
    <subfield code="a">4116467-2</subfield>
    <subfield code="0">http://d-nb.info/gnd/4116467-2</subfield>
    <subfield code="2">gnd</subfield>
    <subfield code="A">GND</subfield>
    <subfield code="B">GND-041164679</subfield>
    <subfield code="C">024</subfield>
  </datafield>
  <datafield tag="GSI" ind1="7" ind2=" ">
    <subfield code="a">4030420-6</subfield>
    <subfield code="0">http://d-nb.info/gnd/4030420-6</subfield>
    <subfield code="2">gnd</subfield>
    <subfield code="A">GND</subfield>
    <subfield code="B">GND-040304205</subfield>
    <subfield code="C">024</subfield>
  </datafield>
  <datafield tag="GSI" ind1="7" ind2=" ">
    <subfield code="a">2891258</subfield>
    <subfield code="2">geonames</subfield>
    <subfield code="A">GND</subfield>
    <subfield code="B">GND-040304205</subfield>
    <subfield code="C">024</subfield>
  </datafield>
  <datafield tag="GGN" ind1=" " ind2=" ">
    <subfield code="a">Stadt Kevelaer</subfield>
    <subfield code="A">GND</subfield>
    <subfield code="B">GND-040304205</subfield>
    <subfield code="C">451</subfield>
  </datafield>
  <datafield tag="GGN" ind1=" " ind2=" ">
    <subfield code="a">Wallfahrtsstadt Kevelaer</subfield>
    <subfield code="A">GND</subfield>
    <subfield code="B">GND-040304205</subfield>
    <subfield code="C">451</subfield>
  </datafield>
  <datafield tag="GSI" ind1="7" ind2=" ">
    <subfield code="a">189447656</subfield>
    <subfield code="0">http://d-nb.info/gnd/189447656</subfield>
    <subfield code="2">gnd</subfield>
    <subfield code="A">GND</subfield>
    <subfield code="B">GND-189447656</subfield>
    <subfield code="C">024</subfield>
  </datafield>
</record>
